@incollection{Berry1986RiemannSpectra,
  author    = {Berry, Michael V.},
  title     = {Riemann's Zeta Function: A Model for Quantum Chaos?},
  booktitle = {Quantum Chaos and Statistical Nuclear Physics},
  editor    = {Seligman, T. H. and Nishioka, H.},
  series    = {Lecture Notes in Physics},
  volume    = {263},
  pages     = {1--17},
  publisher = {Springer},
  address   = {Berlin / Heidelberg},
  year      = {1986},
  doi       = {10.1007/3-540-17171-1_1}
}

@article{Bornemann2010FredholmDeterminants,
  author  = {Folkmar Bornemann},
  title   = {On the Numerical Evaluation of Fredholm Determinants},
  journal = {Mathematics of Computation},
  volume  = {79},
  number  = {270},
  pages   = {871--915},
  year    = {2010},
  doi     = {10.1090/S0025-5718-09-02280-7}
}

@book{Bump1997AutomorphicForms,
  author    = {Daniel Bump},
  title     = {Automorphic Forms and Representations},
  series    = {Cambridge Studies in Advanced Mathematics},
  volume    = {55},
  year      = {1997},
  publisher = {Cambridge University Press},
  address   = {Cambridge},
  isbn      = {9780521658188},
  url       = {https://doi.org/10.1017/CBO9780511609572}
}

@incollection{Cogdell2007Lectures,
  author    = {James W. Cogdell},
  title     = {Lectures on L-functions, Converse Theorems, and Functoriality},
  booktitle = {Lectures on Automorphic L-Functions},
  editor    = {James W. Cogdell and Henry H. Kim and M. Ram Murty and Freydoon Shahidi},
  series    = {Fields Institute Monographs},
  volume    = {20},
  publisher = {American Mathematical Society},
  year      = {2007},
  pages     = {1--96}
}

@article{Connes1999TraceFormula,
  author    = {Alain Connes},
  title     = {Trace formula in noncommutative geometry and the zeros of the Riemann zeta function},
  journal   = {Selecta Mathematica},
  volume    = {5},
  number    = {1},
  pages     = {29--106},
  year      = {1999},
  publisher = {Springer},
  doi       = {10.1007/s000290050042}
}

@article{Deligne1971WeilI,
  author  = {Pierre Deligne},
  title   = {Formes modulaires et représentations l-adiques},
  journal = {Séminaire Bourbaki},
  number  = {355},
  year    = {1968--69},
  pages   = {139--172}
}

@article{Deninger1998Frobenius,
  author  = {Christopher Deninger},
  title   = {Some analogies between number theory and dynamical systems on foliated spaces},
  journal = {Doc. Math. J. DMV},
  volume  = {Extra Vol. ICM Berlin},
  year    = {1998},
  pages   = {163--186},
  note    = {Proceedings of the International Congress of Mathematicians (Berlin, 1998)}
}

@book{Elizalde1994ZetaRegularization,
  author    = {Emilio Elizalde},
  title     = {Zeta Regularization Techniques with Applications},
  publisher = {World Scientific},
  year      = {1994},
  address   = {Singapore},
  isbn      = {978-9810217971}
}

@book{Gilkey1995Invariance,
  author    = {Peter B. Gilkey},
  title     = {Invariance Theory, the Heat Equation and the Atiyah-Singer Index Theorem},
  publisher = {CRC Press},
  year      = {1995}
}

@book{Hormander1983Analysis,
  author    = {Lars H{\"o}rmander},
  title     = {The Analysis of Linear Partial Differential Operators I: Distribution Theory and Fourier Analysis},
  series    = {Grundlehren der mathematischen Wissenschaften},
  volume    = {256},
  publisher = {Springer-Verlag},
  year      = {1983},
  address   = {Berlin},
  doi       = {10.1007/978-3-642-96750-4},
  isbn      = {978-3-540-12166-4},
  note      = {Reprint of the 1983 edition}
}

@book{IwaniecKowalski,
  author    = {Henryk Iwaniec and Emmanuel Kowalski},
  title     = {Analytic Number Theory},
  series    = {American Mathematical Society Colloquium Publications},
  volume    = {53},
  publisher = {American Mathematical Society},
  year      = {2004},
  address   = {Providence, RI},
  isbn      = {978-0-8218-3633-1}
}

@book{Korevaar2004Tauberian,
  author    = {Jacob Korevaar},
  title     = {Tauberian Theory: A Century of Developments},
  publisher = {Springer},
  year      = {2004}
}

@incollection{Langlands1970EulerProducts,
  author    = {R. P. Langlands},
  title     = {Problems in the Theory of Automorphic Forms},
  booktitle = {Lectures in Modern Analysis and Applications, III},
  publisher = {Springer},
  series    = {Lecture Notes in Mathematics},
  volume    = {170},
  year      = {1970},
  pages     = {18--61}
}

@book{Levin1996EntireLectures,
  author    = {B. Ya. Levin},
  title     = {Lectures on Entire Functions},
  publisher = {American Mathematical Society},
  year      = {1996},
  series    = {Translations of Mathematical Monographs},
  volume    = {150}
}

@incollection{Montgomery1973PairCorrelation,
  author    = {Montgomery, Hugh L.},
  title     = {The Pair Correlation of Zeros of the Zeta Function},
  booktitle = {Analytic Number Theory},
  editor    = {Diamond, Harold G.},
  series    = {Proceedings of Symposia in Pure Mathematics},
  volume    = {24},
  pages     = {181--193},
  publisher = {American Mathematical Society},
  address   = {Providence, RI},
  year      = {1973}
}

@book{ReedSimon1975II,
  author    = {Michael Reed and Barry Simon},
  title     = {Methods of Modern Mathematical Physics II: Fourier Analysis, Self-Adjointness},
  publisher = {Academic Press},
  year      = {1975},
  volume    = {2}
}

@book{ReedSimon1978IV,
  author    = {Michael Reed and Barry Simon},
  title     = {Methods of Modern Mathematical Physics IV: Analysis of Operators},
  publisher = {Academic Press},
  year      = {1978}
}

@book{ReedSimon1980I,
  author    = {Michael Reed and Barry Simon},
  title     = {Methods of Modern Mathematical Physics I: Functional Analysis},
  publisher = {Academic Press},
  year      = {1980},
  volume    = {1}
}

@article{Seeley1967ComplexPowers,
  author  = {R. T. Seeley},
  title   = {Complex powers of an elliptic operator},
  journal = {Singular Integrals, Proc. Sympos. Pure Math.},
  volume  = {10},
  pages   = {288--307},
  year    = {1967}
}

@book{Simon2005TraceIdeals,
  author    = {Barry Simon},
  title     = {Trace Ideals and Their Applications},
  series    = {Mathematical Surveys and Monographs},
  volume    = {120},
  edition   = {2},
  publisher = {Cambridge University Press},
  year      = {2005}
}

@book{Titchmarsh1986Zeta,
  author    = {E. C. Titchmarsh and D. R. Heath-Brown},
  title     = {The Theory of the Riemann Zeta-function},
  publisher = {Oxford University Press},
  year      = {1986},
  edition   = {2}
}

@phdthesis{Vaillant2001HeatKernel,
  author = {Boris Vaillant},
  title  = {Index and Spectral Theory for Manifolds with Generalized Fibred Cusps},
  school = {Universität Bonn},
  type   = {Ph.D. Thesis},
  year   = {2001},
  note   = {Bonner Mathematische Schriften, Nr. 344},
  url    = {https://nbn-resolving.org/urn:nbn:de:hbz:5-03452}
}

@article{Weil1952Explicite,
  author  = {André Weil},
  title   = {Sur les formules explicites de la théorie des nombres premiers},
  journal = {Communications on Pure and Applied Mathematics},
  volume  = {5},
  number  = {3},
  year    = {1952},
  pages   = {261--280},
  doi     = {10.1002/cpa.3160050303}
}
